@book{fem_2010,
author = {Mats G. Larson, Fredrik Bengzon},
title = {The Finite Element Method: Theory, Implementation, and Applications},
publisher = {Springer},
year = {2010},
}

@book{sheng2008,
        Author = {盛新庆},
        Publisher = {中国科学技术大学出版社},
        Title = {计算电磁学要论},
        Year = {2008}
}
